@article{butta2012orthogonal,
  title={Orthogonal fluxgates},
  author={Butta, Mattia},
  journal={Magnetic Sensors: Principles and Applications},
  pages={19--44},
  year={2012},
  publisher={BoD--Books on Demand}
}

@article{Yuan2020Graphene,
  title={石墨烯磁传感器研究进展},
  author={袁恺鑫 and 杜爱民 and 唐衡},
  journal={地球物理学进展},
  volume={35},
  number={3},
  pages={1199--1204},
  year={2020},
  publisher={地球物理学进展}
}


@incollection{butta2017orthogonal,
  title={Orthogonal fluxgate magnetometers},
  author={Butta, Mattia},
  booktitle={High Sensitivity Magnetometers},
  pages={63--102},
  year={2017},
  publisher={Springer}
}

@article{butta2016low,
  title={Low offset drift--low-noise orthogonal fluxgate with synchronized polarity flipping},
  author={Butta, Mattia and Coroli, Iurie},
  journal={IEEE Transactions on Magnetics},
  volume={53},
  number={4},
  pages={1--6},
  year={2016},
  publisher={IEEE}
}
